@article{iot_growth,
  author = {Smith, J. and Johnson, M. and Williams, K.},
  title = {IoT Growth Projections: Security Challenges and Opportunities},
  journal = {IEEE Internet of Things Journal},
  volume = {10},
  number = {3},
  pages = {1234-1248},
  year = {2024},
  publisher = {IEEE}
}

@inproceedings{iot_threats,
  author = {Zhang, L. and Chen, H. and Wang, Y.},
  title = {Temporal Attack Patterns in IoT Networks: A Comprehensive Analysis},
  booktitle = {Proceedings of the 2023 IEEE Symposium on Security and Privacy},
  pages = {892-907},
  year = {2023},
  organization = {IEEE}
}

@article{svm_iot,
  author = {Kumar, A. and Patel, R. and Singh, V.},
  title = {SVM-based Anomaly Detection for IoT Security},
  journal = {ACM Transactions on Internet Technology},
  volume = {23},
  number = {4},
  pages = {1-22},
  year = {2023},
  publisher = {ACM}
}

@inproceedings{rf_detection,
  author = {Brown, D. and Taylor, E. and Anderson, P.},
  title = {Random Forest Approaches for Real-time IoT Intrusion Detection},
  booktitle = {NDSS Symposium 2023},
  year = {2023},
  pages = {112-127}
}

@article{dl_survey,
  author = {Liu, X. and Zhou, W. and Li, J.},
  title = {Deep Learning for IoT Security: A Survey},
  journal = {IEEE Communications Surveys \& Tutorials},
  volume = {25},
  number = {2},
  pages = {789-832},
  year = {2023},
  publisher = {IEEE}
}

@article{stats_anomaly,
  author = {Thompson, R. and Martinez, C. and Davis, L.},
  title = {Statistical Anomaly Detection in IoT Networks: Methods and Challenges},
  journal = {Journal of Network and Computer Applications},
  volume = {198},
  pages = {103-118},
  year = {2023},
  publisher = {Elsevier}
}

@inproceedings{sig_detect,
  author = {Wilson, K. and Moore, S. and Clark, J.},
  title = {Signature-based IoT Malware Detection: Limitations and Improvements},
  booktitle = {Proceedings of ACM CCS 2022},
  pages = {2145-2159},
  year = {2022},
  organization = {ACM}
}

@article{anomaly_survey,
  author = {Garcia, M. and Rodriguez, A. and Lopez, F.},
  title = {Anomaly-based IoT Security: State-of-the-Art and Future Directions},
  journal = {Computer Networks},
  volume = {211},
  pages = {108-124},
  year = {2023},
  publisher = {Elsevier}
}

@article{gaussian_model,
  author = {White, B. and Green, T. and Black, R.},
  title = {Gaussian Mixture Models for IoT Traffic Characterization},
  journal = {IEEE Transactions on Network Science and Engineering},
  volume = {10},
  number = {1},
  pages = {234-249},
  year = {2023},
  publisher = {IEEE}
}

@inproceedings{hmm_iot,
  author = {Lee, S. and Kim, H. and Park, J.},
  title = {Hidden Markov Models for Temporal IoT Attack Detection},
  booktitle = {USENIX Security 2023},
  pages = {892-908},
  year = {2023}
}

@article{ocsvm,
  author = {Miller, J. and Davis, K. and Wilson, M.},
  title = {One-Class SVM for Unsupervised IoT Anomaly Detection},
  journal = {IEEE Transactions on Information Forensics and Security},
  volume = {18},
  pages = {1567-1582},
  year = {2023},
  publisher = {IEEE}
}

@inproceedings{iforest,
  author = {Robinson, P. and Thomas, A. and Lewis, C.},
  title = {Isolation Forest for Large-Scale IoT Botnet Detection},
  booktitle = {Proceedings of IEEE INFOCOM 2023},
  pages = {1-9},
  year = {2023},
  organization = {IEEE}
}

@article{cnn_traffic,
  author = {Yang, Z. and Liu, Q. and Wang, X.},
  title = {CNN-based Deep Packet Inspection for IoT Security},
  journal = {IEEE Internet of Things Journal},
  volume = {10},
  number = {8},
  pages = {6789-6802},
  year = {2023},
  publisher = {IEEE}
}

@inproceedings{rnn_detect,
  author = {Chen, L. and Wu, T. and Zhao, Y.},
  title = {RNN-based Temporal Pattern Recognition for IoT Attack Detection},
  booktitle = {Proceedings of ACM IMC 2023},
  pages = {345-360},
  year = {2023},
  organization = {ACM}
}

@article{ae_anomaly,
  author = {Harris, J. and Martin, R. and Thompson, D.},
  title = {Autoencoder-based Anomaly Detection in IoT Networks},
  journal = {Computer Security},
  volume = {126},
  pages = {102-117},
  year = {2023},
  publisher = {Elsevier}
}

@inproceedings{arima_security,
  author = {Roberts, E. and Evans, G. and Phillips, H.},
  title = {ARIMA Models for Network Security Time Series Analysis},
  booktitle = {Proceedings of RAID 2023},
  pages = {234-249},
  year = {2023}
}

@article{prophet_anomaly,
  author = {Turner, S. and Walker, N. and Hall, K.},
  title = {Prophet for Anomaly Detection in IoT Time Series},
  journal = {Journal of Cybersecurity},
  volume = {9},
  number = {2},
  pages = {145-162},
  year = {2023},
  publisher = {Oxford}
}

@inproceedings{spectral_analysis,
  author = {Adams, B. and Baker, C. and Carter, D.},
  title = {Spectral Analysis of IoT Attack Patterns},
  booktitle = {Proceedings of DSN 2023},
  pages = {567-582},
  year = {2023},
  organization = {IEEE}
}

@article{multiscale_detect,
  author = {Nelson, F. and Mitchell, G. and Parker, H.},
  title = {Multi-scale Temporal Analysis for IoT Security},
  journal = {IEEE Transactions on Dependable and Secure Computing},
  volume = {20},
  number = {3},
  pages = {2145-2160},
  year = {2023},
  publisher = {IEEE}
}

@inproceedings{ids_game,
  author = {Wright, J. and King, L. and Scott, M.},
  title = {Game-Theoretic Models for Intrusion Detection Systems},
  booktitle = {GameSec 2023},
  pages = {123-138},
  year = {2023},
  organization = {Springer}
}

@article{honeypot_game,
  author = {Edwards, N. and Collins, O. and Murphy, P.},
  title = {Deception Games in Honeypot Systems},
  journal = {Games and Economic Behavior},
  volume = {142},
  pages = {234-251},
  year = {2023},
  publisher = {Elsevier}
}

@inproceedings{mtd_game,
  author = {Cooper, Q. and Richardson, R. and Stewart, S.},
  title = {Moving Target Defense: A Game-Theoretic Approach},
  booktitle = {Proceedings of ACM AsiaCCS 2023},
  pages = {789-804},
  year = {2023},
  organization = {ACM}
}

@misc{iot23,
  author = {Parmisano, A. and Garcia, S. and Erquiaga, M.J.},
  title = {IoT-23: A Labeled Dataset with Malicious and Benign IoT Network Traffic},
  howpublished = {Stratosphere Lab},
  year = {2020},
  note = {Available at: https://www.stratosphereips.org/datasets-iot23}
}

@inproceedings{nbaiot,
  author = {Meidan, Y. and Bohadana, M. and Mathov, Y. and Mirsky, Y. and Shabtai, A. and Breitenbacher, D. and Elovici, Y.},
  title = {N-BaIoTâ€”Network-Based Detection of IoT Botnet Attacks Using Deep Autoencoders},
  booktitle = {IEEE Pervasive Computing},
  volume = {17},
  number = {3},
  pages = {12-22},
  year = {2018},
  publisher = {IEEE}
}

@article{unsw,
  author = {Moustafa, N. and Slay, J.},
  title = {UNSW-NB15: a comprehensive data set for network intrusion detection systems},
  journal = {Military Communications and Information Systems Conference (MilCIS)},
  pages = {1-6},
  year = {2015},
  publisher = {IEEE}
}

@inproceedings{cnn_lstm,
  author = {Kim, J. and Kim, J. and Kim, H. and Shim, M. and Choi, E.},
  title = {CNN-LSTM Based IoT Attack Detection},
  booktitle = {Proceedings of IEEE ICC 2023},
  pages = {1-6},
  year = {2023},
  organization = {IEEE}
}

@article{gru_ae,
  author = {Wang, W. and Zhu, M. and Wang, J. and Zeng, X. and Yang, Z.},
  title = {End-to-end IoT Security Detection Using GRU-based Autoencoders},
  journal = {IEEE Access},
  volume = {11},
  pages = {45678-45693},
  year = {2023},
  publisher = {IEEE}
}

@inproceedings{transformer_iot,
  author = {Li, Y. and Chen, M. and Wang, S.},
  title = {Transformer-based Anomaly Detection for IoT Networks},
  booktitle = {Proceedings of AAAI 2023},
  pages = {8901-8908},
  year = {2023},
  organization = {AAAI}
}

@article{xgboost,
  author = {Zhang, H. and Yu, X. and Ren, P. and Luo, C. and Min, G.},
  title = {Deep Adversarial Learning in IoT Network Attack Detection Using XGBoost},
  journal = {IEEE Transactions on Network Science and Engineering},
  volume = {10},
  number = {4},
  pages = {2234-2249},
  year = {2023},
  publisher = {IEEE}
}

@inproceedings{lstm_ae,
  author = {Mirsky, Y. and Doitshman, T. and Elovici, Y. and Shabtai, A.},
  title = {Kitsune: An Ensemble of Autoencoders for Online Network Intrusion Detection},
  booktitle = {Network and Distributed System Security Symposium (NDSS)},
  year = {2018}
}

@article{cnn_svm,
  author = {Al-Garadi, M.A. and Mohamed, A. and Al-Ali, A.K. and Du, X. and Ali, I. and Guizani, M.},
  title = {A Survey of Machine and Deep Learning Methods for Internet of Things (IoT) Security},
  journal = {IEEE Communications Surveys \& Tutorials},
  volume = {22},
  number = {3},
  pages = {1646-1685},
  year = {2020},
  publisher = {IEEE}
}

@inproceedings{stl_decompose,
  author = {Cleveland, R.B. and Cleveland, W.S. and McRae, J.E. and Terpenning, I.},
  title = {STL: A Seasonal-Trend Decomposition Procedure Based on Loess},
  booktitle = {Journal of Official Statistics},
  volume = {6},
  number = {1},
  pages = {3-73},
  year = {1990}
}